@misc{freestomp,
  title={devi ever IMPROBABIlITY DRIVE (traced)},
  url={http://freestompboxes.org/viewtopic.php?f=7&t=18157&p=249393&hilit=improbability+drive#p249393},
  urldate={2015},
  year={2012},
  author={freestompboxes}
}

@misc{collinsdevila,
  title={Devil's Music History},
  url={http://www.nicolascollins.com/texts/devilsmusichistory.pdf},
  year={2009},
  author={Collins, Nicolas}
}

@misc{collinsdevilb,
  title={Devil's Music},
  url={http://www.nicolascollins.com/devilsmusictracks.htm},
  year={2009},
  author={Collins, Nicolas}
}

@misc{leonardo,
  title={Composers Inside Electronics: Music After Davi Tudor},
  url={http://leonardo.info/isast/journal/toclmj14.html},
  urldate={2015},
  year={2004},
  author={Collins (Ed.), Nicolas}
}

@misc{jbwc,
  title={Yes We Can. But Should We?},
  url={https://medium.com/re-form/just-because-you-can-doesnt-mean-you-should-252fdbcf76c8},
  urldate={2015},
  year={2014},
  author={Arieff, Allison}
}

@article{collins2012,
  title={Semiconducting: Making Music After the Transistor},
  author={Collins, Nicolas},
  journal={Semin{\'a}rio M{\'u}sica Ci{\^e}ncia Tecnologia},
  volume={1},
  number={4},
  year={2012}
}

@book{pinch2011,
  title={The Oxford handbook of sound studies},
  author={Pinch, Trevor and Bijsterveld, Karin},
  year={2011},
  publisher={Oxford University Press}
}

@misc{emi,
  title={Experimental Musical Instruments Magazine},
  url={http://windworld.com/features/back-issues/},
  urldate={2015},
  year={2015},
  author={Experimental Musical Instruments}
}

@misc{rylan2011,
  title={Personal Synthesizer},
  url={http://vagueterrain.net/journal19/jessica-rylan/01},
  year={2011},
  urldate={retrieved 2015},
  author={Rylan, Jessica}
}

@misc{githubm,
  title={ARM-based black death future},
  url={https://github.com/microresearch/dark-interpreter},
  urldate={2015},
  year={2013},
  author={Howse, Martin}
}

@misc{ardcodeb,
  title={Third part code repository for Ardcore module by },
  url={https://github.com/Magnus-G/Ardcore},
  urldate={2015},
  year={2011},
  author={Magnus, G.}
} 


@misc{ardcode,
  title={Code repository for Ardcore module by Darwin Grosse},
  url={https://github.com/darwingrosse/ArdCore-Code},
  urldate={2015},
  year={2011},
  author={Grosse, Darwin}
}

@misc{wilson2015,
  title={Weird Sound Generator},
  url={http://www.musicfromouterspace.com/index.php?MAINTAB=SYNTHDIY&PROJARG=WSG2010/wsg_page1.html&CATPARTNO=WSG001},
  urldate={2015},
  year={2015},
  author={Wilson, Ray}
}

@misc{beavis2015b,
  title={Schematic: Electro-Harmonix Muff Fuzz, Transistor Version},
  url={http://www.beavisaudio.com/schematics/Electro-Harmonix-Muff-Fuzz-Transistor-Schematic.htm},
  urldate={2015},
  year={2012},
  author={BeavisAudio}
}

@misc{taylan,
  title={Taylan Cihan, Musician},
  url={http://www.taylancihan.com/},
  urldate={2015},
  year={2015},
  author={Cihan, Taylan}
}

@misc{freestomp2,
  title={Dwarfcraft Devices - Robot Devil},
  url={http://freestompboxes.org/viewtopic.php?f=7&t=18344&hilit=robot+devil},
  urldate={2015},
  year={2012},
  author={freestompboxes}
}

@misc{henry,
  title={The 8038 Audio Generator Project},
  url={http://www.birthofasynth.com/Thomas_Henry/Pages/8038.html},
  urldate={2015},
  year={2010},
  author={Henry, Thomas}
}

@book{dunn2001,
  title={Nature, sound art, and the sacred},
  author={Dunn, David},
  journal={The Book of Music and Nature: An Anthology of Sounds, Words, Thoughts},
  pages={95--107},
  year={2001},
  publisher={Wesleyan University Press: Middletown, CT, USA}
}

@article{piper2010,
  title={Simple autonomous chaotic circuits},
  author={Piper, Jessica Rylan and Sprott, Julien Clinton},
  journal={Circuits and Systems II: Express Briefs, IEEE Transactions on},
  volume={57},
  number={9},
  pages={730--734},
  year={2010},
  publisher={IEEE}
}

@book{wiener1965,
  title={Cybernetics or Control and Communication in the Animal and the Machine},
  author={Wiener, Norbert},
  year={1965},
  publisher={MIT press}
}

@misc{theremin1928,
  title={Method of and Apparatus for the Generation of Sounds},
  author={Theremin, Leo},
  year={1928},
  month={February},
  publisher={US Patents Office},
  note={US Patent 1,661,058}
}

@misc{cahill1919,
  title={Art of and apparatus for generating and distributing music electrically.},
  author={Cahill, Thaddeus},
  year={1919},
  month={February},
  publisher={US Patents Office},
  note={US Patent 1,295,691}
}

@book{cage1961,
  title={Silence. Middletown},
  author={Cage, John},
  year={1961},
  publisher={Wesleyan University Press}
}

@book{holmes2002,
  title={Electronic and experimental music: pioneers in technology and composition},
  author={Holmes, Thomas B.},
  year={2002},
  publisher={Psychology Press}
}

@phdthesis{armstrong2006,
  title={An enactive approach to digital musical instrument design},
  author={Armstrong, Newton},
  year={2006},
  school={Princeton University}
}

@article{barbour1998,
  title={The cool sound of tubes [vacuum tube musical applications]},
  author={Barbour, Eric},
  journal={Spectrum, IEEE},
  volume={35},
  number={8},
  pages={24--35},
  year={1998},
  publisher={IEEE}
}

@book{braun2000,
  title={Music and technology in the twentieth century},
  author={Braun, Hans-Joachim},
  year={2000},
  publisher={JHU Press}
}

@article{christensen2005,
  title={The industrial dynamics of Open Innovationâ€”Evidence from the transformation of consumer electronics},
  author={Christensen, Jens Fr{\o}slev and Olesen, Michael Holm and Kj{\ae}r, Jonas Sorth},
  journal={Research policy},
  volume={34},
  number={10},
  pages={1533--1549},
  year={2005},
  publisher={Elsevier}
}

@phdthesis{cluett2013,
  title={Loud speaker: Towards a component theory of media sound},
  author={Cluett, Seth Allen},
  year={2013},
  school={Princeton University}
}

@article{collins2008,
  title={A Solder's Tale: Putting the" Lead" Back in" Lead Users"},
  author={Collins, Nicolas},
  journal={IEEE Pervasive Computing},
  volume={7},
  number={3},
  pages={32--38},
  year={2008}
}

@article{dunn1992,
  title={A History of Electronic Music Pioneers},
  author={Dunn, David},
  journal={ders.(Hrsg.), Eigenwelt der Apparate-Welt.(Katalog), Linz},
  pages={21--62},
  year={1992}
}

@book{dunne2005,
  title={Hertzian tales: Electronic products, aesthetic experience, and critical design},
  author={Dunne, Anthony},
  year={2005},
  publisher={MIT press Cambridge}
}

@book{evens2005,
  title={Sound ideas: Music, machines, and experience},
  author={Evens, Aden},
  volume={27},
  year={2005},
  publisher={U of Minnesota Press}
}

@inproceedings{feldman2007,
  title={Integrating technology obsolescence considerations into product design planning},
  author={Feldman, Kiri and Sandborn, Peter},
  booktitle={ASME 2007 International Design Engineering Technical Conferences and Computers and Information in Engineering Conference},
  pages={981--988},
  year={2007},
  organization={American Society of Mechanical Engineers}
}

@mastersthesis{haslett2005,
  title={Triangle Combs\# 1: Music for a New Electro-acoustic Instrument},
  author={Haslett, William},
  year={2005},
  school={Dartmouth College}
}

@article{hamm1973,
  title={Tubes versus Transistors: is there an Audible Difference?},
  author={Hamm, Russell},
  journal={Journal of the audio engineering society},
  volume={21},
  number={4},
  pages={267--273},
  year={1973},
  publisher={Audio Engineering Society}
}

@article{hermans2014,
  title={Convergent Technologies, Custom Aesthetics},
  author={Hermans, Phillip},
  journal={Leonardo Music Journal},
  volume={24},
  year={2014},
  publisher={MIT Press}
}

@article{hertz2012,
  title={Zombie media: Circuit bending media archaeology into an art method},
  author={Hertz, Garnet and Parikka, Jussi},
  journal={Leonardo},
  volume={45},
  number={5},
  pages={424--430},
  year={2012},
  publisher={MIT Press}
}

@book{kettelkamp1984,
  title={Electronic Musical Instruments: What They Do, how They Work},
  author={Kettelkamp, Larry},
  year={1984},
  publisher={W. Morrow}
}

@misc{jackson2014,
  title={Rethinking repair},
  author={Jackson, Steven J},
  journal={Media technologies: Essays on communication, materiality, and society},
  year={2014},
  publisher={MIT Press}
}

@mastersthesis{mellis2011,
  title={Case studies in the digital fabrication of open-source consumer electronic products},
  author={Mellis, David A},
  year={2011},
  school={Massachusetts Institute of Technology}
}

@inproceedings{mellis2014,
  title={Do-it-yourself cellphones: an investigation into the possibilities and limits of high-tech DIY},
  author={Mellis, David A and Buechley, Leah},
  booktitle={Proceedings of the 32nd annual ACM conference on Human factors in computing systems},
  pages={1723--1732},
  year={2014},
  organization={ACM}
}

@article{paradiso2008,
  title={Hacking is pervasive},
  author={Paradiso, Joseph A and Heidemann, John and Zimmerman, Thomas G},
  journal={Pervasive Computing, IEEE},
  volume={7},
  number={3},
  pages={13--15},
  year={2008},
  publisher={IEEE}
}

@mastersthesis{perner2011,
  title={A kit-of-no-parts},
  author={Perner-Wilson, Hannah Hannah Rosamonde},
  year={2011},
  school={Massachusetts Institute of Technology}
}

@article{pinch2001,
  title={Why do you go to a music store to buy a synthesizer: path dependence and the social construction of technology},
  author={Pinch, Trevor},
  journal={Path Dependence and Creation},
  pages={381--400},
  year={2001},
  publisher={Lawrence Earlbaum Associates, London}
}

@article{riis2013,
  title={The media archaeological repairman},
  author={Riis, Morten},
  journal={Organised Sound},
  volume={18},
  number={03},
  pages={255--265},
  year={2013},
  publisher={Cambridge Univ Press}
}

@misc{rovan2009, 
	title= {Living on the Edge: Alternate Controllers and the Obstinate Interface}, 
	author={Rovan, Joseph "Butch"}, 
	journal= {Mapping Landscapes for Performance as Research: Scholarly Acts and Creative Cartographies}, 
	publisher={Palgrave Macmillan}, 
	year={2009}
}

@inproceedings{silver2009,
  title={Nature as interface: MacGyver'ing and Martha-Stewart'ing interactivity with trees, pencils, grandpa, even the kitchen sink},
  author={Silver, Jay S},
  booktitle={Proceedings of the seventh ACM conference on Creativity and cognition},
  pages={483--484},
  year={2009},
  organization={ACM}
}

@book{vinck2003,
  title={Everyday engineering: An ethnography of design and innovation},
  author={Vinck, Dominique and Blanco, Eric},
  year={2003},
  publisher={MIT Press}
}

@article{williams2012,
  title={Research with a hacker ethos: what DIY means for tangible interaction research},
  author={Williams, Amanda and Gibb, Alicia and Weekly, David},
  journal={interactions},
  volume={19},
  number={2},
  pages={14--19},
  year={2012},
  publisher={ACM}
}

@article{frey2013,
  title={Acoustical Impulse Response Functions of Music Performance Halls},
  author={Frey, Douglas and Coelho, Victor and Rangayyan, Rangaraj M},
  journal={Synthesis Lectures on Speech and Audio Processing},
  volume={9},
  number={2},
  pages={1--110},
  year={2013},
  publisher={Morgan \& Claypool Publishers}
}

@article{ghazala2004,
  title={The Folk Music of Chance Electronics: Circuit-Bending the Modern Coconut},
  author={Ghazala, Qubais Reed},
  journal={Leonardo Music Journal},
  volume={14},
  pages={97--104},
  year={2004},
  publisher={MIT Press}
}

@inproceedings{bowers2005,
  title={Not hyper, not meta, not cyber but infra-instruments},
  author={Bowers, John and Archer, Phil},
  booktitle={Proceedings of the 2005 conference on New interfaces for musical expression},
  pages={5--10},
  year={2005},
  organization={New Interfaces for Musical Expression}
}

@article{hertz2009,
  title={Methodologies of Reuse in the Media Arts: Exploring Black Boxes, Tactics and Archaeologies},
  author={Hertz, Garnet},
  journal={Digital Arts and Culture 2009},
  year={2009}
}

@article{richards2008,
  title={Getting the hands dirty},
  author={Richards, John},
  journal={Leonardo Music Journal},
  volume={18},
  pages={25--31},
  year={2008},
  publisher={MIT Press}
}

@article{ariza2007,
  title={Automata bending: Applications of dynamic mutation and dynamic rules in modular One-Dimensional cellular automata},
  author={Ariza, Christopher},
  journal={Computer Music Journal},
  volume={31},
  number={1},
  pages={29--49},
  year={2007},
  publisher={MIT Press}
}

@article{von1961,
  title={Classification of musical instruments: Translated from the original german by anthony baines and klaus p. wachsmann},
  author={von Hornbostel, Erich M and Sachs, Curt},
  journal={The Galpin Society Journal},
  pages={3--29},
  year={1961}
}

@article{blikstein2013,
  title={Digital fabrication and â€˜makingâ€™in education: The democratization of invention},
  author={Blikstein, Paulo},
  journal={FabLabs: Of Machines, Makers and Inventors},
  pages={1--21},
  year={2013}
}

@article{collins2004,
  title={Composers inside electronics: Music after david tudor},
  author={Collins, Nicolas},
  journal={Leonardo Music Journal},
  volume={14},
  number={1},
  pages={iv--1},
  year={2004},
  publisher={The MIT Press}
}

@book{collins2006,
  title={Handmade Electronic Music: the Art of Hardware Hacking},
  author={Collins, Nicolas},
  year={2006},
  publisher={Taylor \& Francis}
}

@article{collins2010,
  title={Improvisation},
  author={Collins, Nicolas},
  journal={Leonardo Music Journal},
  volume={20},
  pages={7--9},
  year={2010},
  publisher={MIT Press}
}

@article{dunbar2010,
  title={Listening to Cybernetics Music, Machines, and Nervous Systems, 1950-1980},
  author={Dunbar-Hester, Christina},
  journal={Science, technology \& human values},
  volume={35},
  number={1},
  pages={113--139},
  year={2010},
  publisher={Sage Publications}
}

@article{driscoll2004,
  title={David Tudor's Rainforest: An Evolving Exploration of Resonance},
  author={Driscoll, John and Rogalsky, Matt},
  journal={Leonardo Music Journal},
  volume={14},
  pages={25--30},
  year={2004},
  publisher={MIT Press}
}

@book{ghazala2005,
  title={Circuit-bending: build your own alien instruments},
  author={Ghazala, Reed},
  year={2005},
  publisher={Wiley Pub.}
}

@article{harzing2008,
  title={Google Scholar-a new data source for citation analysis},
  author={Harzing, Anne-Wil},
  journal={University of Melbourne},
  year={2008}
}

@inproceedings{hoadley2010,
  title={Implementation and development of interfaces for music performance through analysis of improvised dance movements},
  author={Hoadley, Richard},
  booktitle={Audio Engineering Society Convention 128},
  year={2010},
  organization={Audio Engineering Society}
}

@phdthesis{holzaepfel1994,
  title={David Tudor and the performance of American experimental music, 1950-1959},
  author={Holzaepfel, John},
  year={1994},
  school={City University of New York}
}

@book{hugill2012,
  title={The digital musician},
  author={Hugill, Andrew},
  year={2012},
  publisher={Routledge}
}

@book{kelly2009,
  title={Cracked media: the sound of malfunction},
  author={Kelly, Caleb},
  year={2009},
  publisher={MIT Press}
}

@book{kelly2011,
  title={Sound},
  author={Kelly (Ed.), Caleb},
  year={2011},
  publisher={Whitechapel Gallery}
}

@article{kuivila2004,
  title={Open sources: Words, circuits and the notation-realization relation in the music of David Tudor},
  author={Kuivila, Ron},
  journal={Leonardo Music Journal},
  volume={14},
  pages={17--23},
  year={2004},
  publisher={MIT}
}

@article{kuivila1998,
  title={Composing with Shifting Sand: A Conversation between Ron Kuivila and David Behrman on Electronic Music and the Ephemerality of Technology},
  author={Kuivila, Ron and Behrman, David},
  journal={Leonardo Music Journal},
  pages={13--16},
  year={1998},
  publisher={MIT}
}

@book{langford1953,
  title={Radiotron designer's handbook},
  author={Langford-Smith, Fritz},
  year={1953},
  publisher={Wireless Press}
}

@book{nasmyth1908,
  title={The Frequency of the Singing Arc},
  author={Nasmyth, George William},
  year={1908},
  publisher={Macmillan Company}
}

@article{nakai2014,
  title={Hear After: Matters of Life and Death in David Tudorâ€™s Electronic Music},
  author={Nakai, You},
  journal={communication+ 1},
  volume={3},
  number={1},
  pages={10},
  year={2014}
}

@book{novak2013,
  title={Japanoise: Music at the edge of circulation},
  author={Novak, David},
  year={2013},
  publisher={Duke University Press Books}
}

@inproceedings{murphy2010,
  title={The helio: A study of membrane potentiometers and long force sensing resistors for musical interfaces},
  author={Murphy, Jim and Kapur, Ajay and Burgin, Carl},
  booktitle={Proceedings of the International Conference on New Interfaces for Musical Expression},
  pages={459--462},
  year={2010}
}

@article{padfield2014,
  title={Empowering academia through modern fabrication practices},
  author={Padfield, Nicolas and Haldrup, Michael and Hobye, Mads},
  journal={},
  year={2014}
}

@article{page1837,
  title={The production of galvanic music},
  author={Page, Charles Grafton},
  journal={Sillimans Journal},
  volume={32},
  pages={354},
  year={1837}
}

@inproceedings{pigott2011,
  title={Vibration, Volts and Sonic Art: A practice and theory of electromechanical sound},
  author={Pigott, Jon},
  booktitle={Proceedings of the International Conference on New Interfaces for Musical Expression},
  year={2011}
}

@article{pritchett2004,
  title={David Tudor as Composer/Performer in Cage's Variations II.},
  author={Pritchett, James},
  journal={Leonardo music journal},
  volume={14},
  pages={11--16},
  year={2004},
  publisher={MIT Press}
}

@book{rodgers2010,
  title={Pink noises: Women on electronic music and sound},
  author={Rodgers, Tara},
  year={2010},
  publisher={Duke University Press}
}

@article{tudor1976,
	title={The View From Inside},
	author={Tudor, David},
	year={1976},
	book={David Tudor Papers Archive},
	volume={box 19, folder 11},
	publisher={Getty Research Institute},
}

@article{tudor,
	title={archives},
	author={Tudor, David},
	year={year unknown},
	book={David Tudor Papers Archive},
	volume={seriesIA, Box 3, Folder 2},
	publisher={Getty Research Institute},
}

@article{valle2011,
	title={Audio Physical Computing},
	author={Valle, Andrea},
	journal={algorithms},
	volume={1},
	number={2},
	pages={3},
	year={2011}
}

@misc{rylan2015,
	title={artist's talk at MIT},
	author={Rylan, Jessica},
	year={2015},
	urlyear={2005},
	url={https://vimeo.com/20051159, retrieved 2015}
}
	
@phdthesis{hermans2013,
	title={Cooperation and Competition in Music Composition},
	author={Hermans, Phillip},
	year={2013},
	school={Dartmouth College, Hanover, New Hampshire}
}

@book{kane2014,
  title={Sound Unseen: Acousmatic Sound in Theory and Practice},
  author={Kane, Brian},
  year={2014},
  publisher={Oxford University Press}
}

@book{burnham1979,
  title={Art \& Technology, the Panacea that Failed},
  author={Burnham, Jack},
  year={1979},
  publisher={Audio Archives of Canada}
}

@article{eno1975,
  title={Liner notes},
  author={Eno, Brian},
  journal={Discreet Music},
  year={1975}
}
@book{eno2004,
  title={Discreet music},
  author={Eno, Brian and Bryars, Gavin},
  year={2004},
  publisher={Virgin}
}

@book{eno1978,
  title={Ambient 1: Music for airports},
  author={Eno, Brian},
  year={1978},
  publisher={Virgin Records}
}

@book{eno1980,
  title={Ambient 2: Plateaux of Mirrors},
  author={Eno, Brian and Budd, Harold},
  year={1980},
  publisher={Virgin Records}
}

@book{eno1980b,
  title={Ambient 3: Day of Radiance},
  author={Eno, Brian},
  year={1980},
  publisher={Virgin Records}
}

@book{eno1982,
  title={Ambient 4: On Land},
  author={Eno, Brian},
  year={1982},
  publisher={Virgin Records}
}

@book{satie,
  title={Furniture Music},
  author={Satie, Eric},
  year={1917}
}

@book{pinch2002,
  title={Analog days: The invention and impact of the Moog synthesizer},
  author={Pinch, Trevor J and Trocco, Frank},
  year={2009},
  publisher={Harvard University Press}
}

@article{mills2010,
  title={DEVELOPING SOCIAL CONTROLLERS},
  author={Mills, John Anderson and Rebousi{\`e}re, Lo{\"\i}c and Bose, Ricardo Chessini},
  journal={QPSR of the numediart research program},
  volume={3},
  number={3},
  publisher={Citeseer}, 
  year={2010}
}

@article{chusid1999,
  title={Beethoven-in-a-box: Raymond Scott's electronium},
  author={Chusid, Irwin},
  journal={Contemporary Music Review},
  volume={18},
  number={3},
  pages={9--14},
  year={1999},
  publisher={Taylor \& Francis}
}

@book{darter1984,
  title={The art of electronic music},
  author={Darter, Tom and Armbruster, Greg and Moog, Bob},
  year={1984},
  publisher={W. Morrow}
}

@article{nyman1973,
  title={Cage and Satie},
  author={Nyman, Michael},
  journal={The Musical Times},
  pages={1227--1229},
  year={1973},
  publisher={JSTOR}
}

@article{risset1999,
  title={Composing in real-time?},
  author={Risset, Jean-Claude},
  journal={Contemporary Music Review},
  volume={18},
  number={3},
  pages={31--39},
  year={1999},
  publisher={Taylor \& Francis}
}

@article{lewis1999,
  title={Interacting with latter-day musical automata},
  author={Lewis, George E},
  journal={Contemporary Music Review},
  volume={18},
  number={3},
  pages={99--112},
  year={1999},
  publisher={Taylor \& Francis}
}

@phdthesis{pluta2012,
  title={Laptop Improvisation in an Multi-Dimensional Space},
  author={Pluta, Sam},
  year={2012},
  school={Columbia University}
}

@article{beal2007,
  title={An Interview with Earle Brown},
  author={Beal, Amy C},
  journal={Contemporary Music Review},
  volume={26},
  number={3-4},
  pages={341--356},
  year={2007},
  publisher={Taylor \& Francis}
}

@inproceedings{snyder2012,
  title={The JD-1: an Implementation of a Hybrid Keyboard/Sequencer Controller for Analog Synthesizers},
  author={Snyder, Jeff and McPherson, Andrew},
  booktitle={Proceedings of the International Conference on New Interfaces for Musical Expression, NIME},
  volume={12},
  year={2012}
}

@book{thwaites2011,
  title={The Toaster Project: or a heroic attempt to build a simple electric appliance from scratch},
  author={Thwaites, Thomas},
  year={2011},
  publisher={Chronicle Books}
}

@mastersthesis{chinen2009,
  title={Software Music},
  author={Chinen, Michael},
  year={2009},
  school={Dartmouth College}
}

@article{puckette2011,
  title={Infuriating nonlinear reverberator},
  author={Puckette, Miller},
  year={2011},
  journal={ICMC},
  publisher={MPublishing, University of Michigan Library}
}

@book{shone2005,
  title={The Painted Army},
  author={Shone, Tristan},
  year={2005},
  publisher={self released}
}

@article{shone2004,
  title={http://www.tristanshone.com/},
  author={Shone, Tristan},
  year={retrieved 2015}
}

@article{shone2012,
  title={http://makezine.com/Project/Headgear-MIDI-Control/1206/1/},
  author={Shone, Tristan},
  publisher={Make Magazine},
  year={retrieved 2015}
}

@inproceedings{diakopoulos2011,
  title={HIDUINO: A firmware for building driverless USB-MIDI devices using the Arduino microcontroller},
  author={Diakopoulos, Dimitri and Kapur, Ajay},
  booktitle={Proceedings of the International Conference on New Interfaces for Musical Expression},
  pages={405--408},
  year={2011}
}

@book{diakopoulos2015,
  title={http://dimitridiakopoulos.com/hiduino},
  author={Diakopoulos, Dimitri},
  year={retrieved 2015}
}

@book{florian2015,
  title={http://www.jcfaudio.com/site/about},
  author={Florian, Joshua},
  year={retrieved 2015}
}

@book{nam2015,
  title={http://jacobswellmastering.com/},
  author={Nam, Sang Wook},
  year={retrieved 2015}
}

@book{florian2015b,
  title={http://jcfaudio.com/latte.html},
  author={Florian, Joshua},
  year={retrieved 2015}
}

@book{lancaster1988,
  title={CMOS cookbook},
  author={Lancaster, Don and Berlin, Howard M},
  year={1988},
  publisher={Sams}
}

@misc{beavis2015,
  url={http://www.beavisaudio.com/Projects/CMOS_Synthesizers/},
  title={CMOS Synthesizers},
  urlyear={2012},
  author={BeavisAudio},
  year={2015}
}

@article{park2009,
  title={An interview with max mathews},
  author={Park, Tae Hong},
  journal={Computer Music Journal},
  volume={33},
  number={3},
  pages={9--22},
  year={2009},
  publisher={MIT Press}
}

@article{ouzounian2010,
  title={An interview with Paul DeMarinis},
  author={Ouzounian, Gascia},
  journal={Computer Music Journal},
  volume={34},
  number={4},
  pages={10--21},
  year={2010},
  publisher={MIT Press}
}

@book{beirer2011,
  title={Buried In Noise},
  editor={Beirer, Ingrid},
  year={2011},
  publisher={Kehrer Verlag}
}

@article{thompson1995,
  title={Machines, Music, and the Quest for Fidelity: Marketing the Edison Phonograph in America, 1877-1925},
  author={Thompson, Emily},
  journal={Musical Quarterly},
  pages={131--171},
  year={1995},
  publisher={JSTOR}
}

@misc{cihan2015,
  title = {Porcupine},
  year={2015},
  url={http://taylancihan.com/porcupine.html},
  abstract={The Porcupine instrument},
  urldate={2015},
  author={Cihan, Taylan}
}

@book{novak2013,
  title={Japanoise: Music at the edge of circulation},
  author={Novak, David},
  year={2013},
  publisher={Duke University Press Books}
}

@book{hegarty2007,
  title={Noise music: A history},
  author={Hegarty, Paul},
  year={2007},
  publisher={Bloomsbury Academic}
}

@misc{princetonpt,
  title = {the PT2399 Echo IC},
  author = {Princeton Technology Corporation}
}

@mastersthesis{gibb2010,
  title={New media art, design, and the Arduino microcontroller: A malleable tool},
  author={Gibb, Alicia M},
  year={2010},
  school={Pratt Institute}
}

@mastersthesis{pelousek2014,
  title={Basic Research In Translating Biological, Mechanical and Chemical Principles Into Electronic Musical Instrument Language and Vice-Versa}, 
  author={PelouÅ¡ek, VÃ¡clav}, 
  year={2014}, 
  school={Vienna Institute of Fine Arts}
}

@mastersthesis{grosse2011,
  title={Development of the ArdCore Computation Module},
  author={Grosse, Darwin},
  year={2011},
  school={University of Denver}
}

@inproceedings{miyazaki2010,
  title={Detektors: Rhythms of Electromagnetic Emissions, Their Psychogeophysics and Micrological Auscultation},
  author={Miyazaki, Shintaro and Howse, Martin and Funke, Judith and Riekeles, Stefan and Broeckmann, Andreas and Verein, Hartware Medien Kunst},
  booktitle={Proceedings of the 16th International Symposium on Electronic Art ISEA},
  pages={136--138},
  year={2010}
}

@book{anonymous2011,
  title={A Psychogeophysics Handbook and Reader, v.0.4},
  author={Anonymous},
  year={2011},
  publisher={self-published},
  url={http://odin.bek.no/~xxxxx/handbook005.pdf},
}

@article{whitelaw2013,
  title={Sheer Materiality: Material Computing in the Work of Martin Howse and Ralph Baeker},
  author={Whitelaw, Mitchell}, 
  year={2013},
  journal={Scan, Journal of Media Arts Culture},
  volume={10},
  number={2},
  publisher={Maquarie University},
  url={http://www.scan.net.au/scn/journal/vol10number2/Mitchell-Whitelaw.html}
}

@article{kahn2014,
  title={Epiphanies},
  author={Kahn, Douglas},
  year={2014},
  journal={The Wire},
  number={359},
  publisher={The Wire}
}

@article{miyazaki2012,
  title={Algorhythmics: Understanding Micro-Temporality in Computational Cultures},
  author={Miyazaki, Shintaro},
  journal={Computational Culture},
  number={2},
  year={2012}
}
  
@misc{howse2015,
  title={A Manual for The Dark Interpreter (Towers) V0.6},
  author={Howse, Martin},
  year={2015},
  url={http://1010.co.uk/manual.pdf}
}

@book{chamberlin1984,
  title={Musical Applications of Microprocessor},
  author={Chamberlin, Hal},
  year={1984},
  publisher={Sams}
}

@misc{nishizawa1974,
  title={Field effect semiconductor device having an unsaturated triode vacuum tube characteristics},
  author={Nishizawa, Jun-ichi and Terasaki, Takeshi},
  year={1974},
  month={august},
  publisher={U.S. Patent Office},
  note={US Patent 3,828,230}
}

@book{anderton1980,
  title={Electronic Projects for Musicians},
  author={Anderton, Craig},
  year={1980},
  publisher={Amsco}
}

@misc{factmag2015,
  title={Roland officialy releases AIRA modular},
  url={http://www.factmag.com/2015/04/15/roland-aira-modular-revealed-eurorack-compatible/},
  urldate={retrieved 2015},
  author={Fact Team}
}

@misc{oshwa2015,
  title={Open Source Hardware Association},
  url={http://www.oshwa.org/},
  urldate={retrieved 2015},
  author={OSHWA}
}


@book{wilson2013,
  title={Make: Analog Synthesizers - Make Electronic Sounds the DIY-Synth Way},
  author={Wilson, Ray},
  year={2013},
  publisher={Maker Media, Inc.}
}

@book{kock1978,
  title={The Creative Engineer: the Art of Inventing},
  author={Kock, Winston E},
  year={1978},
  publisher={Plenum Publishing Corporation}
}

@article{collins1998,
  title={Ubiquitous Electronics: Technology and Live Performance 1966-1996},
  author={Collins, Nicolas},
  journal={Leonardo Music Journal},
  pages={27--32},
  year={1998},
  publisher={MIT Press}
}

@misc{oliver2012, 
  title={Theremin in the Press: Construing 'Electrical Music'},
  author={Oliver, Jamie},
  year={2012},
  publisher{self-published}
}

@book{horowitz1989,
  title={The art of electronics},
  author={Horowitz, Paul and Hill, Winfield and Hayes, Thomas C},
  year={1989},
  publisher={Cambridge university press, Cambridge}
}

@misc{data.blgs.gov2014,
  title={Bureau of Labor Statistics},
  url={http://www.bls.gov/data/},
  urldate={2015},
  year={2015},
  author={B.O.L.}
}

@misc{radioblvd2014,
  title={RadioBoulevard},
  url={http://www.radioblvd.com/},
  urldate={2015},
  year={2015},
  author={RadioBoulevard}
}

@misc{radioshack,
  title={RadioShack Catalogs},
  url={http://www.radioshackcatalogs.com/},
  urldate={2015},
  year={2015},
  author={RadioshackCatalogs}
}

@misc{barron2009,
  title={Interview with BÃ©bÃ© Barron},
  url={https://www.youtube.com/watch?v=Gfz1XrV8x04},
  urldate={2015},
  year={2009},
  author={Eric Chasalow}
}

@misc{texasinstrument,
  title={Texas Instruments introduces the first commercially available transistor},
  url={https://www.ti.com/corp/docs/company/history/timeline/semicon/1950/docs/54commercial.htm},
  urldate={2015},
  year={2008},
  author={TexasInstruments}
}

@misc{collins,
  title={Original Hacking Manual},
  url={http://www.nicolascollins.com/texts/originalhackingmanual.pdf},
  urldate={2015},
  year={2004},
  author={Collins, Nicolas}
}

@misc{howse,
  title={Radio Mycelium},
  url={http://libarynth.org/parn/radio_mycelium},
  urldate={2015},
  year={2012},
  author={Howse, Martin}
}

@misc{techne,
  title={Techne},
  url={http://technesound.org/},
  urldate={2015},
  year={2010},
  author={Jones, Bonnie & Thorpe, Suzanne}
}

@misc{infanem,
  title={INFANEM Improbability Drive Product Page},
  url={http://www.infanem.com/improbability-drive/},
  urldate={2015},
  year={2015},
  author={Ken Schurer}
}